<?xml version="1.0" encoding="UTF-8"?>
<OAI-PMH xmlns="http://www.openarchives.org/OAI/2.0/" xmlns:xsi="http://www.w3.org/2001/XMLSchema-instance" xsi:schemaLocation="http://www.openarchives.org/OAI/2.0/ http://www.openarchives.org/OAI/2.0/OAI-PMH.xsd">
  <ListRecords>
    <record>
      <header>
        <identifier>aleph-publish:002197447</identifier>
      </header>
      <metadata>
        <record xmlns="http://www.ddb.de/professionell/mabxml/mabxml-1.xsd">
          <leader>00744vM2.01200024------h</leader>
          <controlfield tag="LDR">00744vM2.01200024------h</controlfield>
          <controlfield tag="FMT">MH</controlfield>
          <datafield tag="001" ind1="-" ind2="1">
            <subfield code="a">HT005271161</subfield>
          </datafield>
          <datafield tag="002" ind1="a" ind2="1">
            <subfield code="a">19960604</subfield>
          </datafield>
          <datafield tag="025" ind1="o" ind2="1">
            <subfield code="a">1067969357</subfield>
          </datafield>
          <controlfield tag="030">a|1uc||||||37</controlfield>
          <controlfield tag="050">a|||||||||||||</controlfield>
          <controlfield tag="051">ml||||||</controlfield>
          <datafield tag="070" ind1="-" ind2="1">
            <subfield code="a">361</subfield>
          </datafield>
          <datafield tag="080" ind1="-" ind2="1">
            <subfield code="a">60</subfield>
          </datafield>
          <datafield tag="100" ind1="b" ind2="1">
            <subfield code="p">Studenikin, Semen Sevast'Janovič</subfield>
          </datafield>
          <datafield tag="200" ind1="b" ind2="1">
            <subfield code="k">Vsesojuznyj Institut Juridičeskich Nauk</subfield>
            <subfield code="h">Moskau</subfield>
            <subfield code="9">(DE-588)25723-0</subfield>
          </datafield>
          <datafield tag="201" ind1="-" ind2="1">
            <subfield code="k">Institut Juridičeskich Nauk</subfield>
            <subfield code="h">Moskau</subfield>
          </datafield>
          <datafield tag="201" ind1="-" ind2="1">
            <subfield code="k">Unionsinstitut der Rechtswissenschaften</subfield>
            <subfield code="h">Moskau</subfield>
          </datafield>
          <datafield tag="201" ind1="-" ind2="1">
            <subfield code="k">Vsesojuznyj Institut Juridičeskich Nauk Ministerstva Justicii SSSR</subfield>
          </datafield>
          <datafield tag="201" ind1="-" ind2="1">
            <subfield code="k">Ministerstvo Justicii SSSR</subfield>
            <subfield code="b">Vsesojuznyj Institut Juridičeskich Nauk</subfield>
          </datafield>
          <datafield tag="201" ind1="-" ind2="1">
            <subfield code="k">SSSR</subfield>
            <subfield code="b">Ministerstvo Justicii</subfield>
            <subfield code="b">Vsesojuznyj Institut Juridičeskich Nauk</subfield>
          </datafield>
          <datafield tag="201" ind1="-" ind2="1">
            <subfield code="k">Institut Juridičeskich Nauk</subfield>
            <subfield code="h">Moskva</subfield>
          </datafield>
          <datafield tag="201" ind1="-" ind2="1">
            <subfield code="k">Vsesojuznyj Institut Juridičeskich Nauk</subfield>
            <subfield code="h">Moskva</subfield>
          </datafield>
          <datafield tag="201" ind1="-" ind2="1">
            <subfield code="U">Cyrl</subfield>
            <subfield code="k">Институт юридических наук</subfield>
            <subfield code="h">Москва</subfield>
          </datafield>
          <datafield tag="204" ind1="b" ind2="1">
            <subfield code="k">Deutsches Institut für Rechtswissenschaft</subfield>
            <subfield code="9">(DE-588)37156-7</subfield>
          </datafield>
          <datafield tag="205" ind1="-" ind2="1">
            <subfield code="k">Deutsche Akademie für Staats- und Rechtswissenschaft Walter Ulbricht</subfield>
            <subfield code="b">Deutsches Institut für Rechtswissenschaft</subfield>
          </datafield>
          <datafield tag="205" ind1="-" ind2="1">
            <subfield code="k">Institut für Rechtswissenschaft</subfield>
            <subfield code="h">Potsdam-Babelsberg</subfield>
          </datafield>
          <datafield tag="304" ind1="a" ind2="1">
            <subfield code="a">Sovetskoe administrativnoe pravo &lt;dt.&gt;</subfield>
          </datafield>
          <datafield tag="331" ind1="-" ind2="1">
            <subfield code="a">Sowjetisches Verwaltungsrecht</subfield>
          </datafield>
          <datafield tag="335" ind1="-" ind2="1">
            <subfield code="a">allg. Teil</subfield>
          </datafield>
          <datafield tag="359" ind1="-" ind2="1">
            <subfield code="a">Unionsinstitut der Rechtswissenschaften beim Ministerium der Justiz der UdSSR. Hrsg. d. Übers.: Deutsches Institut für Rechtswissenschaft. S. S. Studenikin ...</subfield>
          </datafield>
          <datafield tag="410" ind1="-" ind2="1">
            <subfield code="a">Berlin</subfield>
          </datafield>
          <datafield tag="412" ind1="-" ind2="1">
            <subfield code="a">Dt. Zentralverl.</subfield>
          </datafield>
          <datafield tag="425" ind1="a" ind2="1">
            <subfield code="a">1954</subfield>
          </datafield>
          <datafield tag="433" ind1="-" ind2="1">
            <subfield code="a">295 S.</subfield>
          </datafield>
          <datafield tag="902" ind1="-" ind2="1">
            <subfield code="g">Sowjetunion</subfield>
            <subfield code="9">(DE-588)4077548-3</subfield>
          </datafield>
          <datafield tag="902" ind1="-" ind2="1">
            <subfield code="s">Allgemeines Verwaltungsrecht</subfield>
            <subfield code="9">(DE-588)4117367-3</subfield>
          </datafield>
          <datafield tag="903" ind1="-" ind2="1">
            <subfield code="a">21</subfield>
          </datafield>
          <controlfield tag="SYS">002197447</controlfield>
          <datafield tag="LOW" ind1="-" ind2="1">
            <subfield code="a">K0001</subfield>
          </datafield>
          <datafield tag="LOW" ind1="-" ind2="1">
            <subfield code="a">B3001</subfield>
          </datafield>
          <datafield tag="LOW" ind1="-" ind2="1">
            <subfield code="a">B2001</subfield>
          </datafield>
          <datafield tag="LOW" ind1="-" ind2="1">
            <subfield code="a">K1056</subfield>
          </datafield>
          <datafield tag="952" ind1="-" ind2="1">
            <subfield code="g">UdSSR</subfield>
          </datafield>
          <datafield tag="952" ind1="-" ind2="1">
            <subfield code="g">SSSR</subfield>
          </datafield>
          <datafield tag="952" ind1="-" ind2="1">
            <subfield code="g">Republik-Republik Kesatuan Soviet Sosialis</subfield>
          </datafield>
          <datafield tag="952" ind1="-" ind2="1">
            <subfield code="g">Sojuz Sovetskich Socialističeskich Respublik</subfield>
          </datafield>
          <datafield tag="952" ind1="-" ind2="1">
            <subfield code="g">Union der Sozialistischen Sowjet-Republiken</subfield>
          </datafield>
          <datafield tag="952" ind1="-" ind2="1">
            <subfield code="g">Union der SSR</subfield>
          </datafield>
          <datafield tag="952" ind1="-" ind2="1">
            <subfield code="g">Union of Soviet Socialist Republics</subfield>
          </datafield>
          <datafield tag="952" ind1="-" ind2="1">
            <subfield code="g">USSR</subfield>
          </datafield>
          <datafield tag="952" ind1="-" ind2="1">
            <subfield code="g">Union des Républiques Socialistes Soviétiques</subfield>
          </datafield>
          <datafield tag="952" ind1="-" ind2="1">
            <subfield code="g">URSS</subfield>
          </datafield>
          <datafield tag="952" ind1="-" ind2="1">
            <subfield code="g">Russland</subfield>
            <subfield code="h">1923-1991</subfield>
          </datafield>
          <datafield tag="952" ind1="-" ind2="1">
            <subfield code="g">Russia</subfield>
            <subfield code="h">1923-1991</subfield>
          </datafield>
          <datafield tag="952" ind1="-" ind2="1">
            <subfield code="g">Padomju Sociālistiko Republiku Savienība</subfield>
          </datafield>
          <datafield tag="952" ind1="-" ind2="1">
            <subfield code="g">PSRS</subfield>
          </datafield>
          <datafield tag="952" ind1="-" ind2="1">
            <subfield code="g">SSṘM</subfield>
          </datafield>
          <datafield tag="952" ind1="-" ind2="1">
            <subfield code="g">ZSSR</subfield>
          </datafield>
          <datafield tag="952" ind1="-" ind2="1">
            <subfield code="g">TSRS</subfield>
          </datafield>
          <datafield tag="952" ind1="-" ind2="1">
            <subfield code="g">Savez Sovjetskih Socijalističkih Republika</subfield>
          </datafield>
          <datafield tag="952" ind1="-" ind2="1">
            <subfield code="g">Soviet Union</subfield>
          </datafield>
          <datafield tag="952" ind1="-" ind2="1">
            <subfield code="g">SSHM</subfield>
          </datafield>
          <datafield tag="952" ind1="-" ind2="1">
            <subfield code="g">Sojuz Radjans'kich Sozialističnich Respublik</subfield>
          </datafield>
          <datafield tag="952" ind1="-" ind2="1">
            <subfield code="g">SRSR</subfield>
          </datafield>
          <datafield tag="952" ind1="-" ind2="1">
            <subfield code="g">Şyra Sosjalist Cumhyrijjẹtlẹri Ittifakĭ</subfield>
          </datafield>
          <datafield tag="952" ind1="-" ind2="1">
            <subfield code="g">Šura Socialist Gümhurietleri Ittipaky</subfield>
          </datafield>
          <datafield tag="952" ind1="-" ind2="1">
            <subfield code="g">Šura Sosyalist Ǧümhuriyetleri Ittifaqï</subfield>
          </datafield>
          <datafield tag="952" ind1="-" ind2="1">
            <subfield code="g">SSCB</subfield>
          </datafield>
          <datafield tag="952" ind1="-" ind2="1">
            <subfield code="U">Cyrl</subfield>
            <subfield code="g">Союз Советских Социалистических Республик</subfield>
          </datafield>
          <datafield tag="952" ind1="-" ind2="1">
            <subfield code="U">Cyrl</subfield>
            <subfield code="g">СССР</subfield>
          </datafield>
          <datafield tag="952" ind1="-" ind2="1">
            <subfield code="s">Verwaltungsrecht</subfield>
            <subfield code="x">Allgemeiner Teil</subfield>
          </datafield>
          <datafield tag="088" ind1=" " ind2=" ">
            <subfield code="a">38</subfield>
            <subfield code="b">00000001</subfield>
            <subfield code="c">Gc757</subfield>
            <subfield code="e">ILL Ausleihe</subfield>
          </datafield>
          <datafield tag="088" ind1=" " ind2=" ">
            <subfield code="a">38/208</subfield>
            <subfield code="b">00208003</subfield>
            <subfield code="c">208/VR/ÖR/SU41/1</subfield>
            <subfield code="e">keine ILL</subfield>
          </datafield>
          <datafield tag="088" ind1=" " ind2=" ">
            <subfield code="a">294/11</subfield>
            <subfield code="b">00011000</subfield>
            <subfield code="c">Pk 10.01.30/4</subfield>
            <subfield code="e">keine ILL</subfield>
          </datafield>
          <datafield tag="088" ind1=" " ind2=" ">
            <subfield code="a">82/604</subfield>
            <subfield code="c">604:Lp 1040</subfield>
            <subfield code="e">keine Angabe</subfield>
          </datafield>
          <datafield tag="088" ind1=" " ind2=" ">
            <subfield code="a">6/016</subfield>
            <subfield code="c">AuslÖR VIII B 13</subfield>
            <subfield code="e">keine Angabe</subfield>
          </datafield>
          <datafield tag="088" ind1=" " ind2=" ">
            <subfield code="a">385</subfield>
            <subfield code="c">r33034</subfield>
            <subfield code="e">Normalausleihe</subfield>
          </datafield>
          <datafield tag="088" ind1=" " ind2=" ">
            <subfield code="a">361</subfield>
            <subfield code="b">11_Mo</subfield>
            <subfield code="c">KV315.5 S9V5</subfield>
            <subfield code="e">ILL nur Kopie</subfield>
          </datafield>
          <datafield tag="088" ind1=" " ind2=" ">
            <subfield code="a">294/39</subfield>
          </datafield>
        </record>
      </metadata>
    </record>
  </ListRecords>
</OAI-PMH>
